@MISC{pape99,
	AUTHOR = "Michael Ralph Pape",
	TITLE = "elektromagnetische Wechselwirkung von Photonen und Elektronen mit Materie",
	HOWPUBLISHED = "Website",
	NOTE = "Online erh√§ltlich unter
                  \url{http://fam-pape.de/raw/ralph/studium/teilchenphysik/};
                  abgerufen am 13.Oktober 2015."
}